<record><leader>00000cas a22000007a 4500</leader><controlfield tag="001">10699274</controlfield><controlfield tag="008">840507d18781879nyudn ne      0   a0eng d</controlfield><datafield ind1=" " ind2=" " tag="010"><subfield code="a">sn 84031182 </subfield></datafield><datafield ind1=" " ind2=" " tag="040"><subfield code="a">NYG</subfield><subfield code="b">eng</subfield><subfield code="c">NYG</subfield><subfield code="d">NYS</subfield><subfield code="d">OCLCQ</subfield></datafield><datafield ind1=" " ind2=" " tag="042"><subfield code="a">msc</subfield></datafield><datafield ind1=" " ind2=" " tag="043"><subfield code="a">n-us-ny</subfield></datafield><datafield ind1="0" ind2=" " tag="130"><subfield code="a">Daily morning news (Batavia, N.Y.)</subfield></datafield><datafield ind1="1" ind2="0" tag="245"><subfield code="a">Daily morning news.</subfield></datafield><datafield ind1=" " ind2=" " tag="260"><subfield code="a">Batavia, N.Y. :</subfield><subfield code="b">M.D. Mix, S.P. Mix, W.H. Bradish</subfield></datafield><datafield ind1=" " ind2=" " tag="300"><subfield code="a">2 v.</subfield></datafield><datafield ind1=" " ind2=" " tag="310"><subfield code="a">Daily (except Mondays)</subfield></datafield><datafield ind1="0" ind2=" " tag="362"><subfield code="a">Vol. 1, [whole] no. 1 (June 25, 1878)-v. 2, whole no. 462 (Dec. 21, 1879).</subfield></datafield><datafield ind1=" " ind2=" " tag="500"><subfield code="a">Publisher: Daily Morning News Pub. Co., &lt;1879&gt;.</subfield></datafield><datafield ind1=" " ind2=" " tag="500"><subfield code="a">"Official paper of the village."</subfield></datafield><datafield ind1=" " ind2="4" tag="651"><subfield code="a">Batavia (N.Y.)</subfield><subfield code="v">Newspapers.</subfield></datafield><datafield ind1=" " ind2="4" tag="651"><subfield code="a">Genesee County (N.Y.)</subfield><subfield code="v">Newspapers.</subfield></datafield><datafield ind1=" " ind2=" " tag="752"><subfield code="a">United States</subfield><subfield code="b">New York</subfield><subfield code="c">Genesee</subfield><subfield code="d">Batavia.</subfield></datafield><datafield ind1="0" ind2="0" tag="785"><subfield code="t">Batavia daily news</subfield><subfield code="w">(DLC)sn 84031187</subfield></datafield><datafield ind1="1" ind2=" " tag="029"><subfield code="a">AU@</subfield><subfield code="b">000020437064</subfield></datafield></record>